<?xml version="1.0" encoding="UTF-8"?><record xmlns="http://www.loc.gov/MARC21/slim" xmlns:cinclude="http://apache.org/cocoon/include/1.0" xmlns:zs="http://www.loc.gov/zing/srw/">
  <leader>01605cz  a2200277n  4500</leader>
  <controlfield tag="001">n 2012045576</controlfield>
  <controlfield tag="003">DLC</controlfield>
  <controlfield tag="005">20161216135240.0</controlfield>
  <controlfield tag="008">120713n| azannaabn          |a aaa      </controlfield>
  <datafield tag="010" ind1=" " ind2=" ">
    <subfield code="a">n 2012045576</subfield>
  </datafield>
  <datafield tag="040" ind1=" " ind2=" ">
    <subfield code="a">DLC</subfield>
    <subfield code="b">eng</subfield>
    <subfield code="c">DLC</subfield>
    <subfield code="d">DLC</subfield>
    <subfield code="e">rda</subfield>
  </datafield>
  <datafield tag="100" ind1="1" ind2=" ">
    <subfield code="a">Aguilera Rodríguez, José Luis</subfield>
  </datafield>
  <datafield tag="370" ind1=" " ind2=" ">
    <subfield code="f">Valencia (Venezuela)</subfield>
    <subfield code="2">naf</subfield>
  </datafield>
  <datafield tag="370" ind1=" " ind2=" ">
    <subfield code="f">Caracas (Venezuela)</subfield>
    <subfield code="2">naf</subfield>
  </datafield>
  <datafield tag="372" ind1=" " ind2=" ">
    <subfield code="a">Higher education administration and planning</subfield>
  </datafield>
  <datafield tag="372" ind1=" " ind2=" ">
    <subfield code="a">International relations</subfield>
  </datafield>
  <datafield tag="372" ind1=" " ind2=" ">
    <subfield code="a">Social research methodology</subfield>
  </datafield>
  <datafield tag="373" ind1=" " ind2=" ">
    <subfield code="a">Universidad Nacional Experimental Simón Rodríguez</subfield>
    <subfield code="2">naf</subfield>
    <subfield code="t">1990</subfield>
  </datafield>
  <datafield tag="373" ind1=" " ind2=" ">
    <subfield code="a">Universidad de Carabobo</subfield>
    <subfield code="2">naf</subfield>
  </datafield>
  <datafield tag="373" ind1=" " ind2=" ">
    <subfield code="a">Venezuela. Ministerio de Educación</subfield>
    <subfield code="2">naf</subfield>
    <subfield code="s">1959</subfield>
    <subfield code="t">1989</subfield>
  </datafield>
  <datafield tag="374" ind1=" " ind2=" ">
    <subfield code="a">Professor</subfield>
    <subfield code="a">Educator</subfield>
  </datafield>
  <datafield tag="375" ind1=" " ind2=" ">
    <subfield code="a">male</subfield>
  </datafield>
  <datafield tag="377" ind1=" " ind2=" ">
    <subfield code="a">spa</subfield>
  </datafield>
  <datafield tag="400" ind1="1" ind2=" ">
    <subfield code="a">Rodríguez, José Luis Aguilera</subfield>
  </datafield>
  <datafield tag="400" ind1="1" ind2=" ">
    <subfield code="a">Aguilera R., José Luis</subfield>
    <subfield code="q">(Aguilera Rodríguez)</subfield>
  </datafield>
  <datafield tag="670" ind1=" " ind2=" ">
    <subfield code="a">Sistema de pasantías andragógicas universitarias (sistema SIPAU), 2011:</subfield>
    <subfield code="b">title page (José Luis Aguilera Rodríguez) title page verso (Dr. José Luis Aguilera Rodríguez) page 16 (José Luis Aguilera R.; Ph.D. in education; professor retired from the Universidad de Carabobo) cover page 4 (licenciado in international relations, Universidad de Carabobo (1968); specialist in social research methodology, Universidad de Carabobo (1976); master's in higher education administration and planning, Universidad Simón Rodríguez (1990); Ph.D. in education, Universidad Carabobo (2004); professor affiliated with the Ministerio de Educación (1959-1989) and the Universidad de Carabobo (1975-1997))</subfield>
  </datafield>
</record>